<?xml version="1.0" encoding="UTF-8"?><collection xmlns="http://www.loc.gov/MARC21/slim"><record><leader>00343nam--2200121-i-4500</leader><controlfield tag="001">000028525</controlfield><controlfield tag="002">20161230</controlfield><controlfield tag="005">20161230201037</controlfield><controlfield tag="008">060222s1000------------r-----000-0-eng-d</controlfield><datafield ind1=" " ind2=" " tag="100"><subfield code="a">Langeron, M</subfield></datafield><datafield ind1=" " ind2=" " tag="245"><subfield code="a">Precis de microscopie. technique - experimentation - diagnostic</subfield></datafield><datafield ind1=" " ind2=" " tag="260"><subfield code="a">Paris, Masson Et C-ie, 1949, Viii + 1430p. + 1pl</subfield></datafield><datafield ind1=" " ind2=" " tag="852"><subfield code="a">1200</subfield></datafield></record></collection>